% Encoding: UTF-8

@InProceedings{Brandic2009,
  author    = {Brandic, Ivona},
  booktitle = {2009 33rd Annual IEEE International Computer Software and Applications Conference},
  title     = {Towards Self-Manageable Cloud Services},
  year      = {2009},
  pages     = {128-133},
  volume    = {2},
  doi       = {10.1109/COMPSAC.2009.126},
  file      = {:/home/ludi/workspace/bachelor-thesis/sources/brandic2009.pdf:PDF},
  groups    = {Related Work},
}

@Article{Baer2020,
  author    = {B{\"a}r, Florian and Heinke, J{\"o}rg and Wachter, Bernd},
  journal   = {HMD Praxis der Wirtschaftsinformatik},
  title     = {Ops4Agile -- Ein Ansatz f{\"u}r den agilen Betrieb von Cloud-Plattformen im Managed-Service-Kontext},
  year      = {2020},
  number    = {5},
  pages     = {921--935},
  volume    = {57},
  file      = {:/home/ludi/workspace/bachelor-thesis/sources/baer2020.pdf:PDF},
  groups    = {Related Work},
  publisher = {Springer},
}

@InProceedings{Wieder2012,
  author    = {Alexander Wieder and Parmod Bhatotia and Ansley Post and Rodrigo Rodrigues},
  booktitle = {9th {USENIX} Symposium on Networked Systems Design and Implementation ({NSDI} 12)},
  title     = {Orchestrating the Deployment of Computations in the Cloud with Conductor},
  year      = {2012},
  address   = {San Jose, CA},
  month     = apr,
  pages     = {367--381},
  publisher = {{USENIX} Association},
  groups    = {Related Work},
  isbn      = {978-931971-92-8},
  url       = {https://www.usenix.org/conference/nsdi12/technical-sessions/presentation/wieder},
}

@InProceedings{Bousselmi2014,
  author = {Bousselmi, Khadija and Brahmi, Zaki and Gammoudi, Mohamed},
  title  = {Cloud Services Orchestration: A Comparative Study of Existing Approaches},
  year   = {2014},
  month  = {05},
  doi    = {10.1109/WAINA.2014.72},
  groups = {Related Work},
}

@InProceedings{Truyen2016,
  author    = {Truyen, Eddy and Van Landuyt, Dimitri and Reniers, Vincent and Rafique, Ansar and Lagaisse, Bert and Joosen, Wouter},
  booktitle = {Proceedings of the 15th International Workshop on Adaptive and Reflective Middleware},
  title     = {Towards a Container-Based Architecture for Multi-Tenant SaaS Applications},
  year      = {2016},
  address   = {New York, NY, USA},
  publisher = {Association for Computing Machinery},
  series    = {ARM 2016},
  abstract  = {SaaS providers continuously aim to optimize the cost-efficiency, scalability and trustworthiness of their offerings. Traditionally, these concerns have been addressed by application-level middleware platforms that implement a multi-tenant architecture.However, the recent uprise and industry adoption of container technology such as Docker and Kubernetes, exactly for the purpose of improving the cost-efficiency, elasticity and resilience of cloud native services, triggers the unanswered question whether and how container technology may affect such multi-tenant architectures.To answer this question, we outline our ideas on a container-based multi-tenant architecture for SaaS applications. Subsequently, we make an assessment of the technical Strengths, Weaknesses, Opportunities, and Threats (SWOT) which should be taken into account by a SaaS provider when considering the adoption of such container-based architecture.},
  articleno = {6},
  doi       = {10.1145/3008167.3008173},
  groups    = {Related Work},
  isbn      = {9781450346627},
  numpages  = {6},
  url       = {https://doi.org/10.1145/3008167.3008173},
}

@Article{seo2014performance,
  author  = {Seo, Kyoung-Taek and Hwang, Hyun-Seo and Moon, Il-Young and Kwon, Oh-Young and Kim, Byeong-Jun},
  journal = {Advanced Science and Technology Letters},
  title   = {Performance comparison analysis of linux container and virtual machine for building cloud},
  year    = {2014},
  number  = {105-111},
  pages   = {2},
  volume  = {66},
}

@InProceedings{soltesz2007container,
  author    = {Soltesz, Stephen and P{\"o}tzl, Herbert and Fiuczynski, Marc E and Bavier, Andy and Peterson, Larry},
  booktitle = {Proceedings of the 2Nd ACM SIGOPS/EuroSys european conference on computer systems 2007},
  title     = {Container-based operating system virtualization: a scalable, high-performance alternative to hypervisors},
  year      = {2007},
  pages     = {275--287},
}

@Manual{kubernetes,
  title        = {{K}ubernetes {D}okumentation},
  author       = {{The Kubernetes Authors}},
  organization = {The Linux Foundation},
  timestamp    = {2021-11-30},
  url          = {https://kubernetes.io/docs/home/},
}

@Book{Burns2019,
  author    = {Burns, Brendan and Beda, Joe and Hightower, Kelsey},
  publisher = {O'REILLY MEDIA},
  title     = {Kubernetes - Up and Running: Dive into the Future of Infrastructure},
  year      = {2019},
  edition   = {2nd},
  booktitle = {Kubernetes: Up and Running},
}

@Misc{scs,
  note    = {accessed Januar 6, 2022},
  title   = {Sovereign Cloud Stack},
  journal = {Sovereign Cloud Stack},
  url     = {https://scs.community/},
}

@TechReport{BMWi2019,
  author      = {BMWi},
  institution = {Federal Ministry for Economic Affairs and Energy (BMWi)},
  title       = {Das Projekt GAIA-X: Eine vernetzte Dateninfrastruktur als Wiege eines vitalen, europäischen Ökosystems},
  year        = {2019},
  address     = {Berlin},
  month       = oct,
}

@Book{Kane2018,
  author    = {Kane, Sean P.},
  publisher = {OREILLY MEDIA},
  title     = {Docker: up \& running},
  year      = {2018},
  place     = {Place of publication not identified},
}

@Article{Bernstein2014,
  author  = {Bernstein, David},
  journal = {IEEE Cloud Computing},
  title   = {Containers and Cloud: From LXC to Docker to Kubernetes},
  year    = {2014},
  number  = {3},
  pages   = {81-84},
  volume  = {1},
  doi     = {10.1109/MCC.2014.51},
}

@Book{Dobies2020,
  author    = {Dobies, Jason and Wood, Joshua},
  publisher = {OReilly},
  title     = {Kubernetes operators: automating the container orchestration platform},
  year      = {2020},
  place     = {Beijing ; Boston ; Farnham ; Sebastopol ; Tokyo},
  url       = {https://learning.oreilly.com/library/view/kubernetes-operators/9781492048039/},
}

@Misc{OpenID2021,
  month   = apr,
  note    = {accessed Januar 6, 2022},
  title   = {OpenID Connect},
  year    = {2021},
  journal = {OpenID},
  url     = {https://openid.net/connect/},
}

@Misc{CertManager2021,
  note    = {accessed Januar 5, 2022},
  title   = {Cert-Manager Concepts},
  comment = {Abgerufen am 5.1.2022},
  journal = {cert},
  url     = {https://cert-manager.io/docs/concepts/},
}

@TechReport{Eggers2020,
  author      = {Günter Eggers, Bernd Fondermann, Berthold Maier, Klaus Ottradovetz, Dr.-Ing. Julius Pfrommer, Dr. Ronny Reinhardt, Hannes Rollin, Arne Schmieg, Sebastian Steinbuß, Dr. Philipp Trinius, Andreas Weiss, Dr. Christian Weiss, Dr. Sabine Wilfling},
  institution = {Federal Ministry for Economic Affairs and Energy (BMWi)},
  title       = {GAIA-X: Technical Architecture},
  year        = {2020},
  month       = jun,
  url         = {https://www.bmwi.de/Redaktion/EN/Publikationen/gaia-x-technical-architecture.pdf},
}

@Article{Kagermann2021,
  author  = {Kagermann, Henning and Streibich, Karl-Heinz and Suder, Katrin},
  journal = {acatech},
  title   = {Digitale Souveränität – Status quo und Handlungsfelder},
  year    = {2021},
  month   = mar,
  note    = {accessed Januar 4, 2022},
  url     = {https://www.acatech.de/publikation/digitale-souveraenitaet-status-quo-und-handlungsfelder/},
}

@Misc{CloudAct2018,
  author = {115th Congress},
  note   = {accessed 5.1.2022},
  title  = {H.R.4943 - CLOUD Act},
  year   = {2018},
  url    = {https://www.congress.gov/bill/115th-congress/house-bill/4943},
}

@Article{Weichert2010,
  author   = {Weichert, Thilo},
  journal  = {Datenschutz und Datensicherheit - DuD},
  title    = {Cloud Computing und Datenschutz},
  year     = {2010},
  issn     = {1862-2607},
  month    = oct,
  number   = {10},
  pages    = {679-687},
  volume   = {34},
  abstract = {Bei der personenbezogenen Datenverarbeitung im Rahmen des Cloud Computing treten rechtliche und technische Fragestellungen auf, die bisher nur unzureichend aufgearbeitet sind. Da sich diese Form der Datenverarbeitung immer gr{\"o}{\ss}erer Beliebtheit erfreut, ist es n{\"o}tig, die Rahmenbedingungen des Datenschutzes abzuleiten und zu benennen. Die folgende Ausarbeitung basiert auf dem Beispiel von Datenverarbeitungen durch nicht-{\"o}ffentliche Stellen mit Sitz in Deutschland, f{\"u}r die das Bundesdatenschutzgesetz (BDSG) anwendbar ist. F{\"u}r die Verarbeitung durch {\"o}ffentliche Stellen des Bundes und der L{\"a}nder gelten regelm{\"a}{\ss}ig entsprechende Normen im BDSG bzw. in den Landesdatenschutzgesetzen (LDSG).},
  day      = {01},
  doi      = {10.1007/s11623-010-0166-4},
  url      = {https://doi.org/10.1007/s11623-010-0166-4},
}

@Book{Ranabahu2009,
  author  = {Ranabahu, Ajith and Patel, Pankesh and Sheth, Amit},
  title   = {Service Level Agreement in Cloud Computing},
  year    = {2009},
  month   = jan,
  journal = {Cloud Workshops at OOPSLA09},
}

@Misc{GXFS2021,
  month       = dec,
  title       = {Gaia-X Federation Services (GXFS)},
  year        = {2021},
  institution = {Federal Ministry for Economic Affairs and Energy},
}

@Misc{ORC2021,
  title       = {Software Requirements Specification for Gaia-X Federation Services: Integration \& Portal Orchestration},
  year        = {2021},
  institution = {eco – Association of the Internet Industry (eco – Verband der Internetwirtschaft e.V.)},
}

@Manual{cri,
  title  = {CRI: the Container Runtime Interface},
  author = {{SIG-Node}},
  url    = {https://github.com/kubernetes/community/blob/master/contributors/devel/sig-node/container-runtime-interface.md},
}

@InProceedings{Joy2015,
  author    = {Joy, Ann Mary},
  booktitle = {2015 International Conference on Advances in Computer Engineering and Applications},
  title     = {Performance comparison between Linux containers and virtual machines},
  year      = {2015},
  pages     = {342-346},
  doi       = {10.1109/ICACEA.2015.7164727},
}

@Misc{kubernetesComponents,
  month   = oct,
  note    = {accessed Januar 10, 2022},
  title   = {Kubernetes Components},
  year    = {2021},
  journal = {Kubernetes},
  url     = {https://kubernetes.io/docs/concepts/overview/components/},
}

@Book{Hausenblas2019,
  author    = {Hausenblas, Michael and Schimanski, Stefan},
  publisher = {OReilly},
  title     = {Programming Kubernetes: developing cloud-native applications},
  year      = {2019},
  place     = {Beijing},
  url       = {https://learning.oreilly.com/library/view/programming-kubernetes},
}

@Misc{protobuf,
  note      = {accessed Januar 10, 2022},
  title     = {Protocol Buffers | Google Developers},
  journal   = {Google},
  publisher = {Google},
  url       = {https://developers.google.com/protocol-buffers/},
}

@Misc{cinderCSI,
  author  = {Kubernetes},
  month   = jul,
  note    = {accessed 10.1.2022},
  title   = {cloud-provider-openstack/using-cinder-csi-plugin.md at master · kubernetes/cloud-provider-openstack},
  year    = {2021},
  journal = {GitHub},
  url     = {https://github.com/kubernetes/cloud-provider-openstack/blob/master/docs/cinder-csi-plugin/using-cinder-csi-plugin.md},
}

@Misc{container-storage-interface_2021,
  author  = {Container-Storage-Interface},
  month   = {Jul},
  note    = {accessed 10.1.2022},
  title   = {spec/spec.md at master · container-storage-interface/spec},
  year    = {2021},
  journal = {GitHub},
  url     = {https://github.com/container-storage-interface/spec/blob/master/spec.md},
}

@Misc{podman,
  note    = {accessed Januar 10, 2022},
  title   = {Podman},
  journal = {Podman},
  url     = {https://podman.io/},
}

@Misc{KuberneteObjects_2021,
  month   = aug,
  note    = {accessed Januar 10, 2022},
  title   = {Understanding Kubernetes Objects},
  year    = {2021},
  journal = {Kubernetes},
  url     = {https://kubernetes.io/docs/concepts/overview/working-with-objects/kubernetes-objects/},
}

@Misc{kubernetesPods,
  note    = {accessed Januar 10, 2022},
  title   = {Pods},
  journal = {Kubernetes},
  url     = {https://kubernetes.io/docs/concepts/workloads/pods/},
}

@Book{Marko2018,
  author    = {Luk\u{s}a Marko},
  publisher = {Manning Publications Co.},
  title     = {Kubernetes in action},
  year      = {2018},
  place     = {Shelter Island, NY},
}

@Article{Krebs2012,
  author  = {Krebs, Rouven and Momm, Christof and Kounev, Samuel},
  journal = {Closer},
  title   = {Architectural Concerns in Multi-tenant SaaS Applications.},
  year    = {2012},
  pages   = {426--431},
  volume  = {12},
}

@InProceedings{Schroeter2012,
  author    = {Schroeter, Julia and Cech, Sebastian and G\"{o}tz, Sebastian and Wilke, Claas and A\ss{}mann, Uwe},
  booktitle = {Proceedings of the Sixth International Workshop on Variability Modeling of Software-Intensive Systems},
  title     = {Towards Modeling a Variable Architecture for Multi-Tenant SaaS-Applications},
  year      = {2012},
  pages     = {111-120},
  publisher = {Association for Computing Machinery},
  series    = {VaMoS '12},
  abstract  = {A widespread business model in cloud computing is to offer software as a service (SaaS) over the Internet. Such applications are often multi-tenant aware, which means that multiple tenants share hardware and software resources of the same application instance. However, SaaS stakeholders have different or even contradictious requirements and interests: For a user, the application's quality and non-functional properties have to be maximized (e.g., choosing the fastest available algorithm for a computation at runtime). In contrast, a resource or application provider is interested in minimizing the operating costs while maximizing his profit. Finally, tenants are interested in offering a customized functionality to their users. To identify an optimal compromise for all these objectives, multiple levels of variability have to be supported by reference architectures for multi-tenant SaaS applications. In this paper, we identify requirements for such a runtime architecture addressing the individual interests of all involved stakeholders. Furthermore, we show how our existing architecture for dynamically adaptive applications can be extended for the development and operation of multi-tenant applications.},
  doi       = {10.1145/2110147.2110160},
  isbn      = {9781450310581},
  keywords  = {variability modeling, multi-tenancy, software-as-a-service, auto-tuning, self-optimization},
  location  = {Leipzig, Germany},
  numpages  = {10},
  url       = {https://doi.org/10.1145/2110147.2110160},
}

@TechReport{GaiaXArchitecture2021,
  author      = {Gaia-X Technical Committee and Gaia-X Work Packages and Gaia-X Working Group Architecture and Gaia-X Working Group Federation Services / Open Source SoftwareGaia-X Working Group Portfolio and Gaia-X Working Group Provider and Gaia-X Working Group User and Gaia-X Working Group X-Assocation},
  institution = {Gaia-X European Association for Data and Cloud AISBL},
  title       = {Gaia-X Architecture Document},
  year        = {2021},
  month       = sep,
  note        = {accessed 13.1.2022},
  url         = {https://www.gaia-x.eu/sites/default/files/2021-10/Gaia-X_Architecture_Document_2109.pdf},
}

@Misc{kubernetesService,
  month   = {Nov},
  note    = {accessed 13.1.2022},
  title   = {Service},
  year    = {2021},
  journal = {Kubernetes},
  url     = {https://kubernetes.io/docs/concepts/services-networking/service/},
}

@Misc{kubernetesIngress,
  month   = dec,
  note    = {accessed 13.1.2022},
  title   = {Ingress},
  year    = {2021},
  journal = {Kubernetes},
  url     = {https://kubernetes.io/docs/concepts/services-networking/ingress/},
}

@Misc{kubernetesDeployments,
  month   = sep,
  note    = {accessed 13.1.2022},
  title   = {Deployments},
  year    = {2021},
  journal = {Kubernetes},
  url     = {https://kubernetes.io/docs/concepts/workloads/controllers/deployment/},
}

@Misc{kubernetesRollingUpdate,
  month   = {Feb},
  note    = {accessed 13.1.2022},
  title   = {Performing a Rolling Update},
  year    = {2020},
  journal = {Kubernetes},
  url     = {https://kubernetes.io/docs/tutorials/kubernetes-basics/update/update-intro/},
}

@Misc{kubernetesCustomResource,
  month   = {Nov},
  note    = {accessed 14.1.2022},
  title   = {Custom Resources},
  year    = {2021},
  journal = {Kubernetes},
  url     = {https://kubernetes.io/docs/concepts/extend-kubernetes/api-extension/custom-resources/},
}

@Misc{operatorWhitepaper,
  author  = {Cloud Native Computing Foundation},
  month   = {Jun},
  note    = {accessed 14.1.2022},
  title   = {Operator WhitePaper},
  year    = {2021},
  journal = {GitHub},
  url     = {https://github.com/cncf/tag-app-delivery/blob/eece8f7307f2970f46f100f51932db106db46968/operator-wg/whitepaper/Operator-WhitePaper_v1-0.md},
}

@Misc{kubernetesServiceAccounts,
  month   = nov,
  note    = {accessed 28.1.2022},
  title   = {Configure Service Accounts for Pods},
  year    = {2021},
  journal = {Kubernetes},
  url     = {https://kubernetes.io/docs/tasks/configure-pod-container/configure-service-account},
}

@Misc{kubernetesStatefulSets,
  month   = jun,
  note    = {accessed 17.1.2022},
  title   = {StatefulSets},
  year    = {2021},
  journal = {Kubernetes},
  url     = {https://kubernetes.io/docs/concepts/workloads/controllers/statefulset/},
}

@Misc{kubernetesRbac,
  month   = oct,
  note    = {accessed 17.1.2022},
  title   = {Using RBAC Authorization},
  year    = {2021},
  journal = {Kubernetes},
  url     = {https://kubernetes.io/docs/reference/access-authn-authz/rbac/},
}

@Misc{kubernetesVolumes,
  month   = dec,
  note    = {accessed 17.1.2022},
  title   = {Volumes},
  year    = {2021},
  journal = {Kubernetes},
  url     = {https://kubernetes.io/docs/concepts/storage/volumes/},
}

@Misc{kubernetesPV,
  month   = dec,
  note    = {accessed 17.1.2022},
  title   = {Persistent Volumes},
  year    = {2021},
  journal = {Kubernetes},
  url     = {https://kubernetes.io/docs/concepts/storage/persistent-volumes/},
}

@Article{Buxmann2008,
  author    = {Buxmann, Peter and Hess, Thomas and Lehmann, Sonja},
  journal   = {Wirtschaftsinformatik},
  title     = {Software as a Service},
  year      = {2008},
  number    = {6},
  pages     = {500--503},
  volume    = {50},
  publisher = {Springer},
}

@Article{Tan2013,
  author    = {Tan, Chekfoung and Liu, Kecheng and Sun, Lily},
  journal   = {Journal of Industrial Engineering and Management (JIEM)},
  title     = {A design of evaluation method for SaaS in cloud computing},
  year      = {2013},
  number    = {1},
  pages     = {50--72},
  volume    = {6},
  publisher = {Barcelona: OmniaScience},
}

@Article{Satyanarayana2012,
  author    = {Satyanarayana, S},
  journal   = {Computer Sciences and Telecommunications},
  title     = {Cloud computing: SAAS},
  year      = {2012},
  number    = {4},
  pages     = {76--79},
  publisher = {Научно-образовательная организация Интернет Академия},
}

@Article{Braud2021,
  author    = {Braud, Arnaud and Fromentoux, Ga{\"e}l and Radier, Benoit and Le Grand, Olivier},
  journal   = {IEEE Network},
  title     = {The Road to European Digital Sovereignty with Gaia-X and IDSA},
  year      = {2021},
  number    = {2},
  pages     = {4--5},
  volume    = {35},
  publisher = {IEEE},
}

@Misc{kubernetesNamespaces,
  month   = oct,
  note    = {accessed 19.1.2022},
  title   = {Namespaces},
  year    = {2021},
  journal = {Kubernetes},
  url     = {https://kubernetes.io/docs/concepts/overview/working-with-objects/namespaces/},
}

@Misc{kubernetesSecrets,
  month   = nov,
  note    = {accessed 17.1.2022},
  title   = {Secrets},
  year    = {2021},
  journal = {Kubernetes},
  url     = {https://kubernetes.io/docs/concepts/configuration/secret/},
}

@Article{Bonfiglio2021,
  author  = {Bonfiglio, Franceso},
  journal = {Gaia-X European Association for Data and Cloud AISBL},
  title   = {Vision \& Strategy},
  year    = {2021},
  month   = dec,
  url     = {https://gaia-x.eu/sites/default/files/2021-12/Vision & Strategy.pdf},
}

@Misc{RocketChat,
  note  = {accessed 28.1.2022},
  title = {Rocket.Chat},
  url   = {https://de.rocket.chat/},
}

@Misc{kubernetesControllers,
  month   = jun,
  note    = {accessed 28.1.2022},
  title   = {Controllers},
  year    = {2021},
  journal = {Kubernetes},
  url     = {https://kubernetes.io/docs/concepts/architecture/controller/},
}

@Misc{kubernetesCRI,
  month   = jan,
  note    = {accessed 28.1.2022},
  title   = {Container runtime interface (CRI)},
  year    = {2022},
  journal = {Kubernetes},
  url     = {https://kubernetes.io/docs/concepts/architecture/cri/},
}

@Misc{rocketChatDocs,
  note    = {accessed 28.1.2022},
  title   = {Rocket.Chat Documentation},
  journal = {Rocket.Chat Documentation - Rocket.Chat Docs},
  url     = {https://docs.rocket.chat/},
}

@Misc{externalDNS,
  author  = {Kubernetes-Sigs},
  note    = {accessed 28.1.2022},
  title   = {Kubernetes-sigs/external-DNS: CONFIGURE EXTERNAL DNS servers (AWS Route53, Google CloudDNS and others) for Kubernetes Ingresses and services},
  journal = {GitHub},
  url     = {https://github.com/kubernetes-sigs/external-dns},
}

@Misc{nginxIngressController,
  note    = {accessed 28.1.2022},
  title   = {Nginx Ingress Controller - How it works},
  journal = {How it works - NGINX Ingress Controller},
  url     = {https://kubernetes.github.io/ingress-nginx/how-it-works/},
}

@Comment{jabref-meta: databaseType:bibtex;}

@Comment{jabref-meta: grouping:
0 AllEntriesGroup:;
1 StaticGroup:Related Work\;0\;0\;0x8a8a8aff\;\;\;;
}
